@book{Halzen:1984mc,
  added-at = {2010-03-10T19:16:28.000+0100},
  address = {New York, USA},
  author = {Halzen, Francis and Martin, Alan},
  biburl = {https://www.bibsonomy.org/bibtex/25aff683e444ad48a1a6b91fce38498fb/wc},
  interhash = {0f0942dd05c5962377caa1eb7519cd9c},
  intrahash = {5aff683e444ad48a1a6b91fce38498fb},
  keywords = {diplom quarks},
  publisher = {John Wiley \& Sons},
  timestamp = {2010-11-17T12:34:52.000+0100},
  title = {Quarks \& Leptons: An introductory course in modern particle physics},
  year = 1984
}
%
%IEEEtranBSTCTL{control_cite,
%CTLuse_forced_etal       = "yes",
%CTLmax_names_forced_etal = "3",
%CTLnames_show_etal       = "1"}
%
@book{ellisweb,
  added-at = {2009-08-18T13:17:51.000+0200},
  author = {Ellis, R. K. and Stirling, W. J. and Webber, B. R.},
  biburl = {https://www.bibsonomy.org/bibtex/24a079a7b2efb14a25333b0f6c39451de/hajadda},
  interhash = {b62c257fbac302528d81b60da1d63a51},
  intrahash = {4a079a7b2efb14a25333b0f6c39451de},
  keywords = {imported},
  publisher = {Cambridge Univ. Press},
  timestamp = {2009-08-18T13:17:52.000+0200},
  title = {QCD and collider physics},
  year = 2003
}
@article{Mo:1968cg,
      author         = "Mo, Luke W. and Tsai, Yung-Su",
      title          = "{Radiative Corrections to Elastic and Inelastic e p and
                        mu p Scattering}",
      journal        = "Rev. Mod. Phys.",
      volume         = "41",
      year           = "1969",
      pages          = "205-235",
      doi            = "10.1103/RevModPhys.41.205",
      reportNumber   = "SLAC-PUB-0380",
      SLACcitation   = "%%CITATION = RMPHA,41,205;%%"
}
@article{Akushevich1999,
author="Akushevich, I.
and Shumeiko, N.
and Soroko, A.",
title="Radiative effects in the processes of hadron electroproduction",
journal="The European Physical Journal C - Particles and Fields",
year="1999",
day="01",
volume="10",
number="4",
pages="681--687",
abstract="An approach to calculate radiative corrections to the unpolarized cross section of semi-inclusive electroproduction is developed. Explicit formulae for the lowest order QED radiative correction are presented. A detailed numerical analysis is performed with the kinematics of experiments with fixed targets.",
issn="1434-6052",
doi="10.1007/s100529900172",
url="https://doi.org/10.1007/s100529900172"
}
%month="Oct",
@article{lepto,
title = "LEPTO 6.5 — A Monte Carlo generator for deep inelastic lepton-nucleon scattering",
journal = "Computer Physics Communications",
volume = "101",
number = "1",
pages = "108 - 134",
year = "1997",
issn = "0010-4655",
doi = "https://doi.org/10.1016/S0010-4655(96)00157-9",
url = "http://www.sciencedirect.com/science/article/pii/S0010465596001579",
author = "G Ingelman and A Edin and J Rathsman",
keywords = "Deep inelastic scattering, QCDl Hadronic final state, Jets, Rapidity gaps"
}
@article{CLAS,
title = "The CEBAF large acceptance spectrometer (CLAS)",
journal = "Nuclear Instruments and Methods in Physics Research Section A: Accelerators, Spectrometers, Detectors and Associated Equipment",
volume = "503",
number = "3",
pages = "513 - 553",
year = "2003",
issn = "0168-9002",
doi = "https://doi.org/10.1016/S0168-9002(03)01001-5",
url = "http://www.sciencedirect.com/science/article/pii/S0168900203010015",
author = "B.A. Mecking and G. Adams and S. Ahmad and E. Anciant and M. Anghinolfi and B. Asavapibhop and G. Asryan and G. Audit and T. Auger and H. Avakian and J.P. Ball and F.J. Barbosa and S. Barrow and M. Battaglieri and K. Beard and B.L. Berman and N. Bianchi and S. Boiarinov and P. Bonneau and W.J. Briscoe and W.K. Brooks and V.D. Burkert and D.S. Carman and T. Carstens and C. Cetina and S.B. Christo and P.L. Cole and A. Coleman and J. Connelly and D. Cords and P. Corvisiero and D. Crabb and H. Crannell and R.C. Cuevas and P.V. Degtyarenko and L. Dennis and E. DeSanctis and R. DeVita and J. Distelbrink and G.E. Dodge and W. Dodge and G. Doolittle and D. Doughty and M. Dugger and W.S. Duncan and S. Dytman and H. Egiyan and K.S. Egiyan and L. Elouadrhiri and R.J. Feuerbach and J. Ficenec and V. Frolov and H. Funsten and G.P. Gilfoyle and K.L. Giovanetti and E. Golovatch and J. Gram and M. Guidal and V. Gyurjyan and D. Heddle and P. Hemler and F.W. Hersman and K. Hicks and R.S. Hicks and M. Holtrop and C.E. Hyde-Wright and D. Insley and M.M. Ito and G. Jacobs and D. Jenkins and K. Joo and D. Joyce and D. Kashy and M. Khandaker and W. Kim and A. Klein and F.J. Klein and M. Klusman and M. Kossov and L. Kramer and V. Koubarovski and S.E. Kuhn and A. Lake and D. Lawrence and A. Longhi and K. Lukashin and J. Lachniet and R.A. Magahiz and W. Major and J.J. Manak and C. Marchand and C. Martin and S.K. Matthews and M. McMullen and J.W.C. McNabb and M.D. Mestayer and R. Minehart and M. Mirazita and R. Miskimen and V. Muccifora and J. Mueller and L.Y. Murphy and G.S. Mutchler and J. Napolitano and I. Niculescu and B.B. Niczyporuk and M. Nozar and J.T. O'Brien and A.K. Opper and J.E. O'Meara and E. Pasyuk and S.A. Philips and E. Polli and J.W. Price and S. Pozdniakov and L.M. Qin and B.A. Raue and G. Riccardi and G. Ricco and C. Riggs and M. Ripani and B.G. Ritchie and J. Robb and F. Ronchetti and P. Rossi and F. Roudot and C. Salgado and V. Sapunenko and R.A. Schumacher and V.S. Serov and Y.G. Sharabian and E.S. Smith and L.C. Smith and T. Smith and D.I. Sober and A. Stavinsky and S. Stepanyan and P. Stoler and M. Taiuti and W.M. Taylor and S. Taylor and D.J. Tedeschi and U. Thoma and R. Thompson and D. Tilles and L. Todor and T.Y. Tung and W. Tuzel and M.F. Vineyard and A.V. Vlassov and L.B. Weinstein and R.E. Welsh and D.P. Weygand and G.R. Wilkin and M. Witkowski and E. Wolin and A. Yegneswaran and P. Yergin and J. Yun",
keywords = "CLAS, Magnetic spectrometer, Electromagnetic physics, Large acceptance, JLab"
}
%
@article{CLAS_DC,
title = "The CLAS drift chamber system",
journal = "Nuclear Instruments and Methods in Physics Research Section A: Accelerators, Spectrometers, Detectors and Associated Equipment",
volume = "449",
number = "1",
pages = "81 - 111",
year = "2000",
issn = "0168-9002",
doi = "https://doi.org/10.1016/S0168-9002(00)00151-0",
url = "http://www.sciencedirect.com/science/article/pii/S0168900200001510",
author = "M.D Mestayer and D.S Carman and B Asavapibhop and F.J Barbosa and P Bonneau and S.B Christo and G.E Dodge and T Dooling and W.S Duncan and S.A Dytman and R Feuerbach and G.P Gilfoyle and V Gyurjyan and K.H Hicks and R.S Hicks and C.E Hyde-Wright and G Jacobs and A Klein and F.J Klein and M.V Kossov and S.E Kuhn and R.A Magahiz and R.W Major and C Martin and T McGuckin and J McNabb and R.A Miskimen and J.A Mueller and B.B Niczyporuk and J O'Meara and L.M Qin and B.A Raue and J Robb and F Roudot and R.A Schumacher and D.J Tedeschi and R.A Thompson and D Tilles and W Tuzel and K VanSyoc and M.F Vineyard and L.B Weinstein and G.R Wilkin and A Yegneswaran and J Yun",
keywords = "CLAS, Drift chambers, Tracking system"
}
%
@article{CLAS_CC,
author = {Adams, G and Burkert, V and Carl, R and Carstens, T and Frolov, V and Houghtlin, L and Jacobs, G and Kzosov, Mikhail and Klusman, M and Kross, B and Onuk, M and Napolitano, J and Price, J.W. and Riggs, C and Sharabian, Y and Stavinsky, A and Smith, L.C. and Stephens, W.A. and Stoler, P and Zorn, C},
year = {2001},
month = {06},
pages = {414-427},
title = {The CLAS Cherenkov detector},
volume = {465},
booktitle = {Nuclear Instruments and Methods in Physics Research Section A: Accelerators, Spectrometers, Detectors and Associated Equipment}
}
%
@article{CLAS_EC,
author = {Amarian, M and Asryan, G and Beard, K and Brooks, William and Burkert, V and Carstens, T and Coleman, A and Demirchyan, R and Efremenko, Yu and Egiyan, H and Egiyan, K and Funsten, H and Gavrilov, V and Giovanetti, K and Marshall, R.M. and Mecking, B and Minehart, R.C. and Mkrtchan, H and Ohandjanyan, M and Zorn, C},
year = {2001},
month = {05},
pages = {239-265},
title = {The CLAS forward electromagnetic calorimeter},
volume = {460},
booktitle = {Nuclear Instruments and Methods in Physics Research Section A: Accelerators, Spectrometers, Detectors and Associated Equipment}
}
%
@article{CLAS_SC,
author = {Smith, E.S. and Carstens, T and Distelbrink, J and Eckhause, M and Egiyan, H and Elouadrhiri, L and Ficenec, J and Guidal, M and Hancock, A.D. and Hersman, F.W. and Holtrop, M and Jenkins, D.A. and Kim, W and Loukachine, K and MacArthur, K and Marchand, C and Mecking, B and Mutchler, G and Schutt, D and Welsh, R.E.},
year = {1999},
month = {08},
pages = {265-298},
title = {The time-of-flight system for CLAS},
volume = {432},
booktitle = {Nuclear Instruments and Methods in Physics Research Section A: Accelerators, Spectrometers, Detectors and Associated Equipment}
}
@article{target,
title = "A double-target system for precision measurements of nuclear medium effects",
journal = "Nuclear Instruments and Methods in Physics Research Section A: Accelerators, Spectrometers, Detectors and Associated Equipment",
volume = "592",
number = "3",
pages = "218 - 223",
year = "2008",
issn = "0168-9002",
doi = "https://doi.org/10.1016/j.nima.2008.04.055",
url = "http://www.sciencedirect.com/science/article/pii/S0168900208006098",
author = "H. Hakobyan and W.K. Brooks and K. Bruhwel and V.D. Burkert and T. Carstens and S. Christo and H. Egiyan and N. Gevorgyan and J. Gram and K. Hafidi and P. Hemler and D. Insley and G. Jacobs and D. Kashy and B.A. Mecking and Y. Sharabian and S. Stepanyan and D. Tilles and L. Weinstein and X. Zheng",
keywords = "Nuclear target, Precision experiments on nuclei, Low-mass vacuum chambers, Electron scattering"
}
@article{H1_Zeus,
author = {Abramowicz, H and Abt, I and Adamczyk, Leszek and Adamus, M and Andreev, V and Antonelli, Stefano and Antunović, Biljana and Aushev, Vladimir and Aushev, Y and Baghdasaryan, A and Begzsuren, K and Behnke, Olaf and Behrendt Dubak, A and Behrens, U and Belousov, A and Belov, Pavel and Bertolin, A and Bloch, I and Boos, Ernst and S. Zotkin, D},
year = {2015},
month = {12},
pages = {},
title = {Combination of Measurements of Inclusive Deep Inelastic $e^{\pm}p$ Scattering Cross Sections and QCD Analysis of HERA Data},
volume = {75},
booktitle = {The European Physical Journal C}
}
%

@article{SLAC_1968,
  title = {Observed Behavior of Highly Inelastic Electron-Proton Scattering},
  author = {Breidenbach, M. and Friedman, J. I. and Kendall, H. W. and Bloom, E. D. and Coward, D. H. and DeStaebler, H. and Drees, J. and Mo, L. W. and Taylor, R. E.},
  journal = {Phys. Rev. Lett.},
  volume = {23},
  issue = {16},
  pages = {935--939},
  numpages = {0},
  year = {1969},
  month = {Oct},
  publisher = {American Physical Society},
  doi = {10.1103/PhysRevLett.23.935},
  url = {https://link.aps.org/doi/10.1103/PhysRevLett.23.935}
}
@article{Color_1964,
  title = {Spin and Unitary-Spin Independence in a Paraquark Model of Baryons and Mesons},
  author = {Greenberg, O. W.},
  journal = {Phys. Rev. Lett.},
  volume = {13},
  issue = {20},
  pages = {598--602},
  numpages = {0},
  year = {1964},
  month = {Nov},
  publisher = {American Physical Society},
  doi = {10.1103/PhysRevLett.13.598},
  url = {https://link.aps.org/doi/10.1103/PhysRevLett.13.598}
}
@article{SU3_gauge,
  title = {Three-Triplet Model with Double $\mathrm{SU}(3)$ Symmetry},
  author = {Han, M. Y. and Nambu, Y.},
  journal = {Phys. Rev.},
  volume = {139},
  issue = {4B},
  pages = {B1006--B1010},
  numpages = {0},
  year = {1965},
  month = {Aug},
  publisher = {American Physical Society},
  doi = {10.1103/PhysRev.139.B1006},
  url = {https://link.aps.org/doi/10.1103/PhysRev.139.B1006}
}
@article{PDG,
      author         = "Patrignani, C. and others",
      title          = "{Review of Particle Physics}",
      collaboration  = "Particle Data Group",
      journal        = "Chin. Phys.",
      volume         = "C40",
      year           = "2016",
      number         = "10",
      pages          = "100001",
      doi            = "10.1088/1674-1137/40/10/100001",
      SLACcitation   = "%%CITATION = CHPHD,C40,100001;%%"
}
@article{FF_feynman,
  title = {Quark elastic scattering as a source of high-transverse-momentum mesons},
  author = {Field, R. D. and Feynman, R. P.},
  journal = {Phys. Rev. D},
  volume = {15},
  issue = {9},
  pages = {2590--2616},
  numpages = {0},
  year = {1977},
  publisher = {American Physical Society},
  doi = {10.1103/PhysRevD.15.2590},
  url = {https://link.aps.org/doi/10.1103/PhysRevD.15.2590}
}
@article{precolor_1,
title = "Preconfinement as a property of perturbative QCD",
journal = "Physics Letters B",
volume = "83",
number = "1",
pages = "87 - 92",
year = "1979",
issn = "0370-2693",
doi = "https://doi.org/10.1016/0370-2693(79)90896-7",
url = "http://www.sciencedirect.com/science/article/pii/0370269379908967",
author = "D. Amati and G. Veneziano"
}
@article{precolor_2,
title = "Color singlet distributions and mass damping in perturbative QCD",
journal = "Physics Letters B",
volume = "83",
number = "2",
pages = "207 - 212",
year = "1979",
issn = "0370-2693",
doi = "https://doi.org/10.1016/0370-2693(79)90687-7",
url = "http://www.sciencedirect.com/science/article/pii/0370269379906877",
author = "A. Bassetto and M. Ciafaloni and G. Marchesini"
}
@article{precolor_3,
title = "QCD and short-range nuclear phenomena",
journal = "Nuclear Physics B",
volume = "181",
number = "1",
pages = "22 - 60",
year = "1981",
issn = "0550-3213",
doi = "https://doi.org/10.1016/0550-3213(81)90505-8",
url = "http://www.sciencedirect.com/science/article/pii/0550321381905058",
author = "L.L. Frankfurt and M.I. Strikman"
}
@article{string_1,
title = "String model and multiproduction",
journal = "Nuclear Physics B",
volume = "70",
number = "1",
pages = "93 - 115",
year = "1974",
issn = "0550-3213",
doi = "https://doi.org/10.1016/0550-3213(74)90360-5",
url = "http://www.sciencedirect.com/science/article/pii/0550321374903605",
author = "X. Artru and G. Mennessier"
}
@article{string_2,
      author         = "Bowler, M. G.",
      title          = "{e+ e- Production of Heavy Quarks in the String Model}",
      journal        = "Z. Phys.",
      volume         = "C11",
      year           = "1981",
      pages          = "169",
      doi            = "10.1007/BF01574001",
      reportNumber   = "OXFORD-NP-31/81",
      SLACcitation   = "%%CITATION = ZEPYA,C11,169;%%"
}
@article{string_3_lund,
      author         = "Andersson, Bo and Gustafson, G. and Soderberg, B.",
      title          = "{A General Model for Jet Fragmentation}",
      journal        = "Z. Phys.",
      volume         = "C20",
      year           = "1983",
      pages          = "317",
      doi            = "10.1007/BF01407824",
      reportNumber   = "LU-TP-83-2",
      SLACcitation   = "%%CITATION = ZEPYA,C20,317;%%"
}
@article{LQCD_1,
  title = {Confinement of quarks},
  author = {Wilson, Kenneth G.},
  journal = {Phys. Rev. D},
  volume = {10},
  issue = {8},
  pages = {2445--2459},
  numpages = {0},
  year = {1974},
  publisher = {American Physical Society},
  doi = {10.1103/PhysRevD.10.2445},
  url = {https://link.aps.org/doi/10.1103/PhysRevD.10.2445}
}
@book{LQCD_2,
      author         = "Creutz, Michael",
      title          = "{Quarks, gluons and lattices}",
      publisher      = "Cambridge Univ. Press",
      address        = "Cambridge, UK",
      year           = "1985",
      url            = "http://www-spires.fnal.gov/spires/find/books/www?cl=QC793.3.F5C73::1983",
      series         = "Cambridge Monographs on Mathematical Physics",
      ISBN           = "9780521315357",
      SLACcitation   = "%%CITATION = INSPIRE-205398;%%"
}
@inproceedings{LQCD_3,
      author         = "Rebbi, C.",
      title          = "{LATTICE GAUGE THEORIES AND MONTE CARLO SIMULATIONS}",
      booktitle      = "{In *Sant Feliu De Guixols 1981, Proceedings,
                        Non-perturbative Aspects Of Quantum Field Theory*, 107-178
                        and Trieste Int. Cent. Theor. Phys. - IC-81-151
                        (81,REC.MAR.82) 67 P. (204071) (SEE CONFERENCE INDEX)}",
      year           = "1981",
      reportNumber   = "IC-81-151",
      SLACcitation   = "%%CITATION = IC-81-151;%%"
}
@article{F2meas_1,
title = "A high statistics measurement of the proton structure functions F2(x, Q2) and R from deep inelastic muon scattering at high Q2",
journal = "Physics Letters B",
volume = "223",
number = "3",
pages = "485 - 489",
year = "1989",
issn = "0370-2693",
doi = "https://doi.org/10.1016/0370-2693(89)91637-7",
url = "http://www.sciencedirect.com/science/article/pii/0370269389916377",
author = "A.C. Benvenuti and D. Bollini and G. Bruni and T. Camporesi and L. Monari and F.L. Navarria and A. Argento and J. Cvach and W. Lohmann and L. Piemontese and P. Zavada and A.A. Akhundov and V.I. Genchev and I.A. Golutvin and Yu.T. Kiryushin and V.G. Krivokhizhin and V.V. Kukhtin and R. Lednicky and S. Nemecek and P. Reimer and I.A. Savin and G.I. Smirnov and J. Strachota and G. Sultanov and P. Todorov and A.G. Volodko and D. Jamnik and R. Kopp and U. Meyer-Berkhout and A. Staude and K.-M. Teichert and R. Tirler and R. Voss and Č. Zupančič and M. Cribier and J. Feltesse and A. Milsztajn and A. Ouraou and P. Rich-Hennion and Y. Sacquin and G. Smadja and M. Virchaux"
}
@article{F2meas_2,
title = "Measurement of the proton and deuteron structure functions, F2p and F2d, and of the ratio $\sigma_L/\sigma_T$",
journal = "Nuclear Physics B",
volume = "483",
number = "1",
pages = "3 - 43",
year = "1997",
issn = "0550-3213",
doi = "https://doi.org/10.1016/S0550-3213(96)00538-X",
url = "http://www.sciencedirect.com/science/article/pii/S055032139600538X",
author = "M. Arneodo and A. Arvidson and B. Badełek and M. Ballintijn and G. Baum and J. Beaufays and I.G. Bird and P. Björkholm and M. Botje and C. Broggini and W. Brückner and A. Brüll and W.J. Burger and J. Ciborowski and R. van Dantzig and A. Dyring and H. Engelien and M.I. Ferrero and L. Fluri and U. Gaul and T. Granier and M. Grosse-Perdekamp and D. von Harrach and M. van der Heijden and C. Heusch and Q. Ingram and M. de Jong and E.M. Kabuß and R. Kaiser and T.J. Ketel and F. Klein and S. Kullander and U. Landgraf and T. Lindqvist and G.K. Mallot and C. Mariotti and G. van Middelkoop and A. Milsztajn and Y. Mizuno and A. Most and A. Mücklich and J. Nassalski and D. Nowotny and J. Oberski and A. Paić and C. Peroni and B. Povh and K. Prytz and R. Rieger and K. Rith and K. Röhrich and E. Rondio and L. Ropelewski and A. Sandacz and D. Sanders and C. Scholz and R. Seitz and F. Sever and T.-A. Shibata and M. Siebler and A. Simon and A. Staiano and M. Szleper and W. Tłaczała and Y. Tzamouranis and M. Virchaux and J.L. Vuilleumier and T. Walcher and R. Windmolders and A. Witzmann and K. Zaremba and F. Zetsche"
}
@article{Gibuu,
title = "Transport-theoretical description of nuclear reactions",
journal = "Physics Reports",
volume = "512",
number = "1",
pages = "1 - 124",
year = "2012",
note = "Transport-theoretical Description of Nuclear Reactions",
issn = "0370-1573",
doi = "https://doi.org/10.1016/j.physrep.2011.12.001",
url = "http://www.sciencedirect.com/science/article/pii/S0370157311003619",
author = "O. Buss and T. Gaitanos and K. Gallmeister and H. van Hees and M. Kaskulov and O. Lalakulich and A.B. Larionov and T. Leitner and J. Weil and U. Mosel",
keywords = "Transport theory, Hadron-induced reactions, Heavy-ion collisions, Antiproton-induced reactions, Photonuclear reactions, Lepton-induced reactions"
}
@article{BOS,
      author         = "Blobel, V.",
      title          = "{BOS: Bank Organization System. Dynamic Storage
                        Organization with FORTRAN}",
      year           = "1977",
      SLACcitation   = "%%CITATION = INSPIRE-125656;%%"
}
@article{root_cern,
      author         = "Brun, R. and Rademakers, F.",
      title          = "{ROOT: An object oriented data analysis framework}",
      booktitle      = "{New computing techniques in physics research V.
                        Proceedings, 5th International Workshop, AIHENP '96,
                        Lausanne, Switzerland, September 2-6, 1996}",
      journal        = "Nucl. Instrum. Meth.",
      volume         = "A389",
      year           = "1997",
      pages          = "81-86",
      doi            = "10.1016/S0168-9002(97)00048-X",
      SLACcitation   = "%%CITATION = NUIMA,A389,81;%%"
}
@article{PAW,
      author         = "Brun, R. and Couet, O. and Cremel-Somon, N. and Zanarini,
                        P.",
      title          = "{PAW: PHYSICS ANALYSIS WORKSTATION: INCLUDING VERSION
                        1.03/05}",
      year           = "1988",
      reportNumber   = "CERN-Q-121",
      SLACcitation   = "%%CITATION = CERN-Q-121;%%"
}
@article{RAMBO,
title = "A new Monte Carlo treatment of multiparticle phase space at high energies",
journal = "Computer Physics Communications",
volume = "40",
number = "2",
pages = "359 - 373",
year = "1986",
issn = "0010-4655",
doi = "https://doi.org/10.1016/0010-4655(86)90119-0",
url = "http://www.sciencedirect.com/science/article/pii/0010465586901190",
author = "R Kleiss and W.J Stirling and S.D Ellis"
}
@article{Geant3,
      author         = "Brun, R. and Bruyant, F. and Maire, M. and McPherson, A.
                        C. and Zanarini, P.",
      title          = "{GEANT3}",
      year           = "1987",
      reportNumber   = "CERN-DD-EE-84-1",
      SLACcitation   = "%%CITATION = CERN-DD-EE-84-1;%%"
}
@article{D_meson,
      author         = "Aad, Georges and others",
      title          = "{Measurement of $D^{*+/-}$ meson production in jets from
                        pp collisions at sqrt(s) = 7 TeV with the ATLAS detector}",
      collaboration  = "ATLAS",
      journal        = "Phys. Rev.",
      volume         = "D85",
      year           = "2012",
      pages          = "052005",
      doi            = "10.1103/PhysRevD.85.052005",
      eprint         = "1112.4432",
      archivePrefix  = "arXiv",
      primaryClass   = "hep-ex",
      reportNumber   = "CERN-PH-EP-2011-180",
      SLACcitation   = "%%CITATION = ARXIV:1112.4432;%%"
}
@article{CC_2008,
title = "Coulomb distortion effects in quasi-elastic (e,e') scattering on heavy nuclei",
journal = "Nuclear Physics A",
volume = "806",
number = "1",
pages = "191 - 215",
year = "2008",
issn = "0375-9474",
doi = "https://doi.org/10.1016/j.nuclphysa.2008.03.011",
url = "http://www.sciencedirect.com/science/article/pii/S0375947408004302",
author = "Andreas Aste",
keywords = "Quasi-elastic electron scattering, Effective momentum approximation, Nucleon form factors, Coulomb corrections"
}
@article{parton_bjorken,
  title = {Inelastic Electron-Proton and $\ensuremath{\gamma}$-Proton Scattering and the Structure of the Nucleon},
  author = {Bjorken, J. D. and Paschos, E. A.},
  journal = {Phys. Rev.},
  volume = {185},
  issue = {5},
  pages = {1975--1982},
  numpages = {0},
  year = {1969},
  month = {Sep},
  publisher = {American Physical Society},
  doi = {10.1103/PhysRev.185.1975},
  url = {https://link.aps.org/doi/10.1103/PhysRev.185.1975}
}
@article{DGLAP_AP,
      author         = "Altarelli, Guido and Parisi, G.",
      title          = "{Asymptotic Freedom in Parton Language}",
      journal        = "Nucl. Phys.",
      volume         = "B126",
      year           = "1977",
      pages          = "298-318",
      doi            = "10.1016/0550-3213(77)90384-4",
      reportNumber   = "LPTENS-77-6",
      SLACcitation   = "%%CITATION = NUPHA,B126,298;%%"
}
@article{DGLAP_D,
      author         = "Dokshitzer, Yuri L.",
      title          = "{Calculation of the Structure Functions for Deep
                        Inelastic Scattering and e+ e- Annihilation by
                        Perturbation Theory in Quantum Chromodynamics.}",
      journal        = "Sov. Phys. JETP",
      volume         = "46",
      year           = "1977",
      pages          = "641-653",
      note           = "[Zh. Eksp. Teor. Fiz.73,1216(1977)]",
      SLACcitation   = "%%CITATION = SPHJA,46,641;%%"
}
@article{DGLAP_GL,
      author         = "Gribov, V. N. and Lipatov, L. N.",
      title          = "{Deep inelastic e p scattering in perturbation theory}",
      journal        = "Sov. J. Nucl. Phys.",
      volume         = "15",
      year           = "1972",
      pages          = "438-450",
      note           = "[Yad. Fiz.15,781(1972)]",
      reportNumber   = "IPTI-381-71",
      SLACcitation   = "%%CITATION = SJNCA,15,438;%%"
}
@article{Hermes_2007,
title = "Hadronization in semi-inclusive deep-inelastic scattering on nuclei",
journal = "Nuclear Physics B",
volume = "780",
number = "1",
pages = "1 - 27",
year = "2007",
issn = "0550-3213",
doi = "https://doi.org/10.1016/j.nuclphysb.2007.06.004",
url = "http://www.sciencedirect.com/science/article/pii/S055032130700466X",
author = "A. Airapetian and N. Akopov and Z. Akopov and E.C. Aschenauer and W. Augustyniak and R. Avakian and A. Avetissian and E. Avetissian and N. Bianchi and H.P. Blok and H. Böttcher and C. Bonomo and A. Borissov and A. Brüll and V. Bryzgalov and M. Capiluppi and G.P. Capitani and E. Cisbani and G. Ciullo and M. Contalbrigo and P.F. Dalpiaz and W. Deconinck and R. De Leo and M. Demey and L. De Nardo and E. De Sanctis and M. Diefenthaler and P. Di Nezza and J. Dreschler and M. Düren and M. Ehrenfried and G. Elbakian and F. Ellinghaus and U. Elschenbroich and R. Fabbri and A. Fantoni and S. Frullani and D. Gabbert and G. Gapienko and V. Gapienko and F. Garibaldi and G. Gavrilov and V. Gharibyan and F. Giordano and S. Gliske and L. Grigoryan and C. Hadjidakis and M. Hartig and D. Hasch and T. Hasegawa and G. Hill and A. Hillenbrand and M. Hoek and B. Hommez and I. Hristova and Y. Imazu and A. Ivanilov and H.E. Jackson and R. Kaiser and T. Keri and E. Kinney and A. Kisselev and M. Kopytin and V. Korotkov and P. Kravchenko and L. Lagamba and R. Lamb and L. Lapikás and I. Lehmann and P. Lenisa and P. Liebing and L.A. Linden-Levy and W. Lorenzon and S. Lu and X. Lu and B. Maiheu and N.C.R. Makins and B. Marianski and H. Marukyan and V. Mexner and C.A. Miller and Y. Miyachi and V. Muccifora and M. Murray and A. Mussgiller and E. Nappi and Y. Naryshkin and A. Nass and M. Negodaev and W.-D. Nowak and L.L. Pappalardo and R. Perez-Benito and N. Pickert and M. Raithel and D. Reggiani and P.E. Reimer and A. Reischl and A.R. Reolon and C. Riedl and K. Rith and S.E. Rock and G. Rosner and A. Rostomyan and L. Rubacek and J. Rubin and D. Ryckbosch and Y. Salomatin and A. Schäfer and G. Schnell and B. Seitz and C. Shearer and T.-A. Shibata and V. Shutov and M. Stancari and M. Statera and J.J.M. Steijger and H. Stenzel and J. Stewart and F. Stinzing and J. Streit and S. Taroian and B. Tchuiko and A. Trzcinski and M. Tytgat and A. Vandenbroucke and P.B. van der Nat and G. van der Steenhoven and Y. van Haarlem and C. van Hulse and M. Varanda and D. Veretennikov and V. Vikhrov and I. Vilardi and C. Vogel and S. Wang and S. Yaschenko and Y. Ye and Z. Ye and S. Yen and W. Yu and D. Zeiler and B. Zihlmann and P. Zupranski",
keywords = "Nuclei, Quarks, Hadron production, Hadronization, Attenuation, -dependence"
}
@article{Hermes_2011,
      author         = "Airapetian, A. and others",
      title          = "{Multidimensional Study of Hadronization in Nuclei}",
      collaboration  = "HERMES",
      journal        = "Eur. Phys. J.",
      volume         = "A47",
      year           = "2011",
      pages          = "113",
      doi            = "10.1140/epja/i2011-11113-5",
      eprint         = "1107.3496",
      archivePrefix  = "arXiv",
      primaryClass   = "hep-ex",
      reportNumber   = "DESY-11-120",
      SLACcitation   = "%%CITATION = ARXIV:1107.3496;%%"
}
@article{Hermes_2013,
  title = {Multiplicities of charged pions and kaons from semi-inclusive deep-inelastic scattering by the proton and the deuteron},
  author = {Airapetian, A. and Akopov, N. and Akopov, Z. and Aschenauer, E. C. and Augustyniak, W. and Avakian, R. and Avetissian, A. and Avetisyan, E. and Belostotski, S. and Blok, H. P. and Borissov, A. and Bowles, J. and Brodski, I. and Bryzgalov, V. and Burns, J. and Capiluppi, M. and Capitani, G. P. and Cisbani, E. and Ciullo, G. and Contalbrigo, M. and Dalpiaz, P. F. and Deconinck, W. and De Leo, R. and De Nardo, L. and De Sanctis, E. and Diefenthaler, M. and Di Nezza, P. and D\"uren, M. and Ehrenfried, M. and Elbakian, G. and Ellinghaus, F. and Fabbri, R. and Fantoni, A. and Felawka, L. and Frullani, S. and Gabbert, D. and Gapienko, G. and Gapienko, V. and Garibaldi, F. and Gavrilov, G. and Gharibyan, V. and Giordano, F. and Gliske, S. and Golembiovskaya, M. and Hadjidakis, C. and Hartig, M. and Hasch, D. and Hillenbrand, A. and Hoek, M. and Holler, Y. and Hristova, I. and Imazu, Y. and Ivanilov, A. and Izotov, A. and Jackson, H. E. and Jo, H. S. and Joosten, S. and Kaiser, R. and Karyan, G. and Keri, T. and Kinney, E. and Kisselev, A. and Kobayashi, N. and Korotkov, V. and Kozlov, V. and Kravchenko, P. and Krivokhijine, V. G. and Lagamba, L. and Lapik\'as, L. and Lehmann, I. and Lenisa, P. and L\'opez Ruiz, A. and Lorenzon, W. and Ma, B.-Q. and Mahon, D. and Maiheu, B. and Makins, N. C. R. and Manaenkov, S. I. and Manfr\'e, L. and Mao, Y. and Marianski, B. and Martinez de la Ossa, A. and Marukyan, H. and Miller, C. A. and Miyachi, Y. and Movsisyan, A. and Murray, M. and Mussgiller, A. and Nappi, E. and Naryshkin, Y. and Nass, A. and Negodaev, M. and Nowak, W.-D. and Pappalardo, L. L. and Perez-Benito, R. and Petrosyan, A. and Raithel, M. and Reimer, P. E. and Reolon, A. R. and Riedl, C. and Rith, K. and Rosner, G. and Rostomyan, A. and Rubin, J. and Ryckbosch, D. and Salomatin, Y. and Sanftl, F. and Sch\"afer, A. and Schnell, G. and Seitz, B. and Shibata, T.-A. and Shutov, V. and Stancari, M. and Statera, M. and Steffens, E. and Steijger, J. J. M. and Stewart, J. and Stinzing, F. and Taroian, S. and Terkulov, A. and Truty, R. and Trzcinski, A. and Tytgat, M. and Van Haarlem, Y. and Van Hulse, C. and Veretennikov, D. and Vilardi, I. and Vogel, C. and Wang, S. and Yaschenko, S. and Ye, Z. and Yen, S. and Yu, W. and Zagrebelnyy, V. and Zeiler, D. and Zihlmann, B. and Zupranski, P.},
  collaboration = {HERMES Collaboration},
  journal = {Phys. Rev. D},
  volume = {87},
  issue = {7},
  pages = {074029},
  numpages = {14},
  year = {2013},
  month = {Apr},
  publisher = {American Physical Society},
  doi = {10.1103/PhysRevD.87.074029},
  url = {https://link.aps.org/doi/10.1103/PhysRevD.87.074029}
}
@article{rlt_hallC,
author         = "Liang, Y. and others",
title          = "{Measurement of R = sigma(L) / sigma(T) and the separated longitudinal and transverse structure functions in the nucleon resonance region}",
      collaboration  = "Jefferson Lab Hall C E94-110",
      year           = "2004",
      eprint         = "nucl-ex/0410027",
      archivePrefix  = "arXiv",
      primaryClass   = "nucl-ex",
      reportNumber   = "JLAB-PHY-04-45",
      SLACcitation   = "%%CITATION = NUCL-EX/0410027;%%"
}
@article{Kloe_eta,
      author         = "Ambrosino, F. and others",
      title          = "{Determination of $\eta \to \pi^+ \pi^- \pi^0$ Dalitz
                        plot slopes and asymmetries with the KLOE detector}",
      collaboration  = "KLOE",
      journal        = "JHEP",
      volume         = "05",
      year           = "2008",
      pages          = "006",
      doi            = "10.1088/1126-6708/2008/05/006",
      eprint         = "0801.2642",
      archivePrefix  = "arXiv",
      primaryClass   = "hep-ex",
      SLACcitation   = "%%CITATION = ARXIV:0801.2642;%%"
}
@article{Hayk_ana,
title = "Experimental Studies of Hadronization and Parton Propagation in the Space-Time Domain",
journal = "Nuclear Physics A",
volume = "830",
number = "1",
pages = "361c - 368c",
year = "2009",
note = "Quark Matter 2009",
issn = "0375-9474",
doi = "https://doi.org/10.1016/j.nuclphysa.2009.10.031",
url = "http://www.sciencedirect.com/science/article/pii/S037594740900685X",
author = "W.K. Brooks and H. Hakobyan"
}
@article{saturation_lowQ2,
  title = {Saturation effects in deep inelastic scattering at low ${Q}^{2}$ and its implications on diffraction},
  author = {Golec-Biernat, K. and W\"usthoff, M.},
  journal = {Phys. Rev. D},
  volume = {59},
  issue = {1},
  pages = {014017},
  numpages = {10},
  year = {1998},
  month = {Nov},
  publisher = {American Physical Society},
  doi = {10.1103/PhysRevD.59.014017},
  url = {https://link.aps.org/doi/10.1103/PhysRevD.59.014017}
}
@article{kopelovich_cronin,
  title = {Cronin Effect in Hadron Production Off Nuclei},
  author = {Kopeliovich, B. Z. and Nemchik, J. and Sch\"afer, A. and Tarasov, A. V.},
  journal = {Phys. Rev. Lett.},
  volume = {88},
  issue = {23},
  pages = {232303},
  numpages = {4},
  year = {2002},
  month = {May},
  publisher = {American Physical Society},
  doi = {10.1103/PhysRevLett.88.232303},
  url = {https://link.aps.org/doi/10.1103/PhysRevLett.88.232303}
}
@article{kopelovich_broadening,
  title = {Broadening of transverse momentum of partons propagating through a medium},
  author = {Johnson, M. B. and Kopeliovich, B. Z. and Tarasov, A. V.},
  journal = {Phys. Rev. C},
  volume = {63},
  issue = {3},
  pages = {035203},
  numpages = {10},
  year = {2001},
  month = {Feb},
  publisher = {American Physical Society},
  doi = {10.1103/PhysRevC.63.035203},
  url = {https://link.aps.org/doi/10.1103/PhysRevC.63.035203}
}
@phdthesis{Taya_thesis,
  author       = {Taisiya Mineeva}, 
  title        = {Hadronization Studies via $\pi^0$ Electroproduction off D, C, Fe, and Pb},
  school       = {University of Connecticut},
  year         = 2013,
  month        = 12,
  note         = {An optional note},
  url          = {https://www.jlab.org/Hall-B/general/thesis/Mineeva_thesis.pdf}
}
@article{FF_eta,
  title = {Global analysis of fragmentation functions for eta mesons},
  author = {Aidala, Christine A. and Ellinghaus, Frank and Sassot, Rodolfo and Seele, Joseph P. and Stratmann, Marco},
  journal = {Phys. Rev. D},
  volume = {83},
  issue = {3},
  pages = {034002},
  numpages = {11},
  year = {2011},
  month = {Feb},
  publisher = {American Physical Society},
  doi = {10.1103/PhysRevD.83.034002},
  url = {https://link.aps.org/doi/10.1103/PhysRevD.83.034002}
}
@article{Kopielovich_within_or_out,
title = "Nuclear hadronization: within or without?",
journal = "Nuclear Physics A",
volume = "740",
number = "1",
pages = "211 - 245",
year = "2004",
issn = "0375-9474",
doi = "https://doi.org/10.1016/j.nuclphysa.2004.04.110",
url = "http://www.sciencedirect.com/science/article/pii/S0375947404006815",
author = "B.Z Kopeliovich and J Nemchik and E Predazzi and A Hayashigaki"
}
@inproceedings{Salam_pdf,
      author         = "Salam, Gavin P.",
      title          = "{Elements of QCD for hadron colliders}",
      booktitle      = "{High-energy physics. Proceedings, 17th European School,
                        ESHEP 2009, Bautzen, Germany, June 14-27, 2009}",
      url            = "http://inspirehep.net/record/880643/files/arXiv:1011.5131.pdf",
      year           = "2010",
      eprint         = "1011.5131",
      archivePrefix  = "arXiv",
      primaryClass   = "hep-ph",
      SLACcitation   = "%%CITATION = ARXIV:1011.5131;%%"
}
@article{GALLMEISTER_2005,
title = "Space–time picture of fragmentation in Pythia/Jetset for HERMES and RHIC",
journal = "Physics Letters B",
volume = "630",
number = "1",
pages = "40 - 48",
year = "2005",
issn = "0370-2693",
doi = "https://doi.org/10.1016/j.physletb.2005.08.135",
url = "http://www.sciencedirect.com/science/article/pii/S0370269305012955",
author = "K. Gallmeister and T. Falter",
keywords = "Hadron formation, Lund model, Deep inelastic scattering, Electroproduction, Hadron induced high-energy interactions, Meson production"
}
@article{GALLMEISTER_2008,
title = "Time dependent hadronization via HERMES and EMC data consistency",
journal = "Nuclear Physics A",
volume = "801",
number = "1",
pages = "68 - 79",
year = "2008",
issn = "0375-9474",
doi = "https://doi.org/10.1016/j.nuclphysa.2007.12.009",
url = "http://www.sciencedirect.com/science/article/pii/S0375947407008172",
author = "K. Gallmeister and U. Mosel",
keywords = "Hadron formation, Lund model, Deep inelastic scattering, Electro-production, Hadron induced high-energy interactions, Meson production"
}
@article{ACCARDI_2003,
title = "Hadron production in deep inelastic lepton–nucleus scattering",
journal = "Nuclear Physics A",
volume = "720",
number = "1",
pages = "131 - 156",
year = "2003",
issn = "0375-9474",
doi = "https://doi.org/10.1016/S0375-9474(03)00670-5",
url = "http://www.sciencedirect.com/science/article/pii/S0375947403006705",
author = "A. Accardi and V. Muccifora and H.J. Pirner",
keywords = "DIS on nuclei, Hadronization, Modification of fragmentation functions"
}
@article{Falter_2004,
  title = {Hadron attenuation in deep inelastic lepton-nucleus scattering},
  author = {Falter, T. and Cassing, W. and Gallmeister, K. and Mosel, U.},
  journal = {Phys. Rev. C},
  volume = {70},
  issue = {5},
  pages = {054609},
  numpages = {24},
  year = {2004},
  month = {Nov},
  publisher = {American Physical Society},
  doi = {10.1103/PhysRevC.70.054609},
  url = {https://link.aps.org/doi/10.1103/PhysRevC.70.054609}
}
@article{MAJUMDER_2011,
title = "The theory and phenomenology of perturbative QCD based jet quenching",
journal = "Progress in Particle and Nuclear Physics",
volume = "66",
number = "1",
pages = "41 - 92",
year = "2011",
issn = "0146-6410",
doi = "https://doi.org/10.1016/j.ppnp.2010.09.001",
url = "http://www.sciencedirect.com/science/article/pii/S0146641010000542",
author = "A. Majumder and M. van Leeuwen",
keywords = "Heavy-ion collisions, Jet quenching, Perturbative QCD"
}
@article{CLAS_BANKS,
title = "CLAS Banks definitions",
url = "https://clasweb.jlab.org/bos/browsebos.php",
keywords = "Heavy-ion collisions, Jet quenching, Perturbative QCD"
}
@phdthesis{Taya_analysis_note,
  author       = {Taisiya Mineeva}, 
  title        = {Hadronization Studies via $\pi^0$ Electroproduction off D, C, Fe, and Pb},
  school       = {CLAS-ANALYSIS},
  year         = 2019,
  month        = 03,
  note         = {An optional note},
  url          = {URLTOANALYSIS}
}
@phdthesis{Lorenzo_analysis_note,
  author       = {L. El Fassi and K. Hafidi and B. Mustapha and M. Holtrop and L. Zana and W. Brooks and H. Hakobyan}, 
  title        = {Search for the Onset of Color Transparency via $\rho^0$ Electroproduction off Nuclei},
  school       = {CLAS-ANALYSIS},
  year         = 2012,
  month        = 02,
  note         = {An optional note},
  url          = {URLTOANALYSIS}
}